
@misc{wuttke_here_2019,
	title = {“{Here} be dragons”: {Open} {Access} to {Research} {Data} in the {Humanities}},
	copyright = {CC BY 4.0},
	url = {https://ulrikewuttke.wordpress.com/2019/04/09/open-data-humanities/},
	urldate = {2019-04-17},
	journal = {ulrikewuttke},
	author = {Wuttke, Ulrike},
	month = apr,
	year = {2019},
	file = {“Here be dragons”\: Open Access to Research Data in the Humanities | ulrikewuttke:C\:\\Users\\thiery.RGZM\\Zotero\\storage\\J68K7PXM\\open-data-humanities.html:text/html}
}

@article{wuttke_here_2019-1,
	title = {"{Here} be dragons": {Open} {Access} to {Research} {Data} in the {Humanities}},
	copyright = {Creative Commons Attribution 4.0 International, Open Access},
	shorttitle = {"{Here} be dragons"},
	url = {https://zenodo.org/record/2630154},
	doi = {10.5281/zenodo.2630154},
	abstract = {Slides for a 20 min talk on 09.04.2019 at the ILIDE 2019 Conference at Jasna, Slovakia (http://ilideconference.schk.sk/wordpress/digital-library-english/agenda/) underlining the need for FAIR and open Research Data and the Humanities and discussing key challenges and perspectives. Extra importance is given to strategic research data management as tool to produce FAIR research data and in a nutshell the tool RDMO is introduced.},
	language = {en},
	urldate = {2019-04-17},
	author = {Wuttke, Ulrike},
	month = apr,
	year = {2019},
	keywords = {digital humanities, FAIR Principles, ILIDE 2019, research data management}
}

@misc{berners-lee_linked_2006,
	title = {Linked {Data} - {Design} {Issues}},
	shorttitle = {Linked {Data}},
	url = {https://www.w3.org/DesignIssues/LinkedData.html},
	urldate = {2019-04-17},
	author = {Berners-Lee, Tim},
	month = jul,
	year = {2006},
	file = {Linked Data - Design Issues:C\:\\Users\\thiery.RGZM\\Zotero\\storage\\746MPHKZ\\LinkedData.html:text/html}
}

@misc{sanderson_loud_2018,
	title = {{LOUD}: {Linked} {Open} {Usable} {Data}},
	url = {https://linked.art/loud/},
	urldate = {2019-04-17},
	author = {Sanderson, Rob},
	year = {2018},
	file = {LOUD\: Linked Open Usable Data:C\:\\Users\\thiery.RGZM\\Zotero\\storage\\F8LWC67G\\loud.html:text/html}
}

@misc{sanderson_shout_2018,
	title = {Shout it {Out}: {LOUD} by {Rob} {Sanderson} - {EuropeanaTech} {Conference} 2018},
	url = {https://t1p.de/j17l},
	urldate = {2019-04-17},
	author = {Sanderson, Rob},
	month = may,
	year = {2018},
	file = {Shout it Out\: LOUD by Rob Sanderson - EuropeanaTech Conference 2018:C\:\\Users\\thiery.RGZM\\Zotero\\storage\\PGLAHM2T\\shout-it-out-loud-by-rob-sanderson-europeanatech-conference-2018-98225909.html:text/html}
}

@misc{force11_fair_2016,
	title = {The {FAIR} {Data} {Principles} {\textbar} {FORCE}11},
	url = {https://www.force11.org/group/fairgroup/fairprinciples},
	urldate = {2019-04-17},
	author = {force11},
	year = {2016},
	file = {The FAIR Data Principles | FORCE11:C\:\\Users\\thiery.RGZM\\Zotero\\storage\\ZKZ3IBLD\\fairprinciples.html:text/html}
}

@article{wilkinson_fair_2016,
	title = {The {FAIR} {Guiding} {Principles} for scientific data management and stewardship},
	volume = {3},
	issn = {2052-4463},
	url = {http://www.nature.com/articles/sdata201618},
	doi = {10.1038/sdata.2016.18},
	urldate = {2019-04-17},
	journal = {Scientific Data},
	author = {Wilkinson, Mark D. and Dumontier, Michel and Aalbersberg, IJsbrand Jan and Appleton, Gabrielle and Axton, Myles and Baak, Arie and Blomberg, Niklas and Boiten, Jan-Willem and da Silva Santos, Luiz Bonino and Bourne, Philip E. and Bouwman, Jildau and Brookes, Anthony J. and Clark, Tim and Crosas, Mercè and Dillo, Ingrid and Dumon, Olivier and Edmunds, Scott and Evelo, Chris T. and Finkers, Richard and Gonzalez-Beltran, Alejandra and Gray, Alasdair J.G. and Groth, Paul and Goble, Carole and Grethe, Jeffrey S. and Heringa, Jaap and ’t Hoen, Peter A.C and Hooft, Rob and Kuhn, Tobias and Kok, Ruben and Kok, Joost and Lusher, Scott J. and Martone, Maryann E. and Mons, Albert and Packer, Abel L. and Persson, Bengt and Rocca-Serra, Philippe and Roos, Marco and van Schaik, Rene and Sansone, Susanna-Assunta and Schultes, Erik and Sengstag, Thierry and Slater, Ted and Strawn, George and Swertz, Morris A. and Thompson, Mark and van der Lei, Johan and van Mulligen, Erik and Velterop, Jan and Waagmeester, Andra and Wittenburg, Peter and Wolstencroft, Katherine and Zhao, Jun and Mons, Barend},
	month = mar,
	year = {2016},
	pages = {160018}
}

@misc{hausenblas_5-sterne_2015,
	title = {5-{Sterne} {Offene} {Daten}},
	url = {https://5stardata.info/de/},
	urldate = {2019-04-17},
	journal = {5 ★ OPEN DATA},
	author = {Hausenblas, Michael and Boram Kim, James G.},
	month = aug,
	year = {2015},
	file = {5-Sterne Offene Daten:C\:\\Users\\thiery.RGZM\\Zotero\\storage\\6JTHCZAL\\de.html:text/html}
}
	
@inproceedings{BernersLee2001TheSW,
  title={The Semantic Web" in Scientific American},
  author={Tim Berners-Lee and James A. Hendler and Ora Lassila},
  year={2001}
}